@misc{nijz-rok-in-varnost,
    title={Rok uporabnosti un varnost živil},
    key = {Rok uporabnosti un varnost živil},
    howpublished={Dosegljivo: \url{https://www.nijz.si/sl/rok-uporabnosti-in-varnost-zivil}},
    note = {[Dostopano: 10. 01. 2022]},
}

@misc{nijz-brosura-varnost,
    title={Higijenska priporočila za varnost živil za potrošnike},
    key = {Higijenska priporočila za varnost živil za potrošnike},
    howpublished={Dosegljivo: \url{https://www.nijz.si/sl/brosura-higienska-priporocila-za-varnost-zivil-za-potrosnike}},
    note = {[Dostopano: 10. 01. 2022]},
}

@misc{pg-database,
title={Podatkovna baza {PostgreSQL}},
key = {PostgreSQL},
howpublished={Dosegljivo: \url{https://www.postgresql.org/about/}},
note = {[Dostopano: 09. 01. 2022]},
}

@misc{mfowler-microservices,
title={Microservices Guide},
key = {Microservices Guide},
howpublished={Dosegljivo: \url{https://www.martinfowler.com/microservices/}},
note = {[Dostopano: 11. 01. 2022]},
}

@misc{linuxcontainers,
title={Linux Containers},
key = {LXC},
howpublished={Dosegljivo: \url{https://linuxcontainers.org/lxd/docs/master/},
note = {[Dostopano: 10. 01. 2022]},
}

@incollection{docker-in-action,
  title={Docker in Action},
  author={Jeff Nickoloff},
  booktitle={Docker in Action},
  year={2016},
  publisher={Manning Publications Co.}
}
@misc{waterfall-model,
title={Waterfall Model},
key = {Waterfall Model},
howpublished={Dosegljivo: \url{http://myprojects.kostigoff.net/methodology/development_models/pages/waterfall.htm}},
note = {[Dostopano: 09. 01. 2022]},
}

@misc{vue-js-what-is,
title={What is Vue.js?},
key = {Vue.js},
howpublished={Dosegljivo: \url{https://vuejs.org/v2/guide/index.html#What-is-Vue-js}},
note = {[Dostopano: 09. 01. 2022]},
}

@misc{food-safety-centre,
title={Food Safety Centre},
key = {Food Safety Centre},
howpublished={Dosegljivo: \url{http://www.foodsafetycentre.com.au/tools.php}},
note = {[Dostopano: 09. 01. 2022]},
}

@misc{pg-database-postgis,
title={Dodatek za geolokacijske funkcionalnosti za PostgreSQL - Postgis},
key = {Postgis},
howpublished={Dosegljivo: \url{https://postgis.net/}},
note = {[Dostopano: 09. 01. 2022]},
}

@misc{pg-database-client,
title={Klient za dostopanje do podatkovne baze {Postico}},
key = {Postico},
howpublished={Dosegljivo: \url{https://eggerapps.at/postico/}},
note = {[Dostopano: 09. 01. 2022]},
}

@misc{birthday-problem-what-is,
title={Rojstnodnevni Paradoks},
key = {Birthday Problem},
howpublished={Dosegljivo: \url{https://en.wikipedia.org/wiki/Birthday_problem}},
note = {[Dostopano: 09. 01. 2022]},
}

@misc{uuid-collisions,
title={UUID Collisions},
key = {UUID Collisions},
howpublished={Dosegljivo: \url{https://en.wikipedia.org/wiki/Universally_unique_identifier#Collisions}},
note = {[Dostopano: 09. 01. 2022]},
}

@misc{uuid-rfc,
title={UUID rfc4122},
key = {UUID rfc4122},
howpublished={Dosegljivo: \url{https://datatracker.ietf.org/doc/html/rfc4122}},
note = {[Dostopano: 09. 01. 2022]},
}

@misc{ot-what-is-observability,
title={Opaznost, telemetrija sistema},
key = {Observability, Telemetry},
howpublished={Dosegljivo: \url{https://www.dynatrace.com/news/blog/what-is-observability-2/}},
note = {[Dostopano: 09. 01. 2022]},
}

@incollection{birthday-problem-inventor,
  title={The matching birthday problem: a contemporary review},
  author={Anirban DasGupta},
  booktitle={The matching, birthday and the strong birthday problem: a contemporary review},
  year={2003},
  publisher={elsevier}
}